<record><leader>00000cas a2200000 a 4500</leader><controlfield tag="001">36410208</controlfield><controlfield tag="008">970219d19061987miuwr n       0    0eng c</controlfield><datafield ind1=" " ind2=" " tag="010"><subfield code="a">sn 97063178 </subfield></datafield><datafield ind1=" " ind2=" " tag="040"><subfield code="a">MHN</subfield><subfield code="b">eng</subfield><subfield code="c">MHN</subfield><subfield code="d">OCL</subfield><subfield code="d">OCLCQ</subfield><subfield code="d">OCLCF</subfield><subfield code="d">OCLCO</subfield></datafield><datafield ind1="1" ind2=" " tag="029"><subfield code="a">AU@</subfield><subfield code="b">000013092693</subfield></datafield><datafield ind1=" " ind2=" " tag="042"><subfield code="a">pcc</subfield></datafield><datafield ind1=" " ind2=" " tag="043"><subfield code="a">n-us-mi</subfield></datafield><datafield ind1="0" ind2=" " tag="130"><subfield code="a">Wayland globe (Wayland, Mich. : 1906)</subfield></datafield><datafield ind1="1" ind2="4" tag="245"><subfield code="a">The Wayland globe.</subfield></datafield><datafield ind1="1" ind2="3" tag="246"><subfield code="a">Saturday globe</subfield></datafield><datafield ind1=" " ind2=" " tag="260"><subfield code="a">Wayland, Mich. :</subfield><subfield code="b">F.C. Wing</subfield></datafield><datafield ind1=" " ind2=" " tag="300"><subfield code="a">v.</subfield></datafield><datafield ind1=" " ind2=" " tag="310"><subfield code="a">Weekly</subfield></datafield><datafield ind1="0" ind2=" " tag="362"><subfield code="a">22nd yr., no. 29 (Mar. 2, 1906) = w. n. 1121-26th yr., no. 46 (June 24, 1910) = w. n. 1346 ; v. 26, no. 47 (July 1, 1910)-v. 102, no. 52 (Sept. 16, 1987).</subfield></datafield><datafield ind1=" " ind2=" " tag="515"><subfield code="a">Whole numbering system dropped June 24, 1910.</subfield></datafield><datafield ind1=" " ind2=" " tag="580"><subfield code="a">Merged with: Penasee press, to form: Penasee globe.</subfield></datafield><datafield ind1=" " ind2="0" tag="651"><subfield code="a">Wayland (Mich.)</subfield><subfield code="v">Newspapers.</subfield></datafield><datafield ind1=" " ind2="0" tag="651"><subfield code="a">Allegan County (Mich.)</subfield><subfield code="v">Newspapers.</subfield></datafield><datafield ind1=" " ind2="7" tag="655"><subfield code="a">Newspapers.</subfield><subfield code="2">fast</subfield><subfield code="0">(OCoLC)fst01423814</subfield></datafield><datafield ind1=" " ind2="7" tag="651"><subfield code="a">Michigan</subfield><subfield code="z">Allegan County.</subfield><subfield code="2">fast</subfield><subfield code="0">(OCoLC)fst01213215</subfield></datafield><datafield ind1=" " ind2="7" tag="651"><subfield code="a">Michigan</subfield><subfield code="z">Wayland.</subfield><subfield code="2">fast</subfield><subfield code="0">(OCoLC)fst01233055</subfield></datafield><datafield ind1=" " ind2=" " tag="752"><subfield code="a">United States</subfield><subfield code="b">Michigan</subfield><subfield code="c">Allegan</subfield><subfield code="d">Wayland.</subfield></datafield><datafield ind1="0" ind2="0" tag="780"><subfield code="t">Saturday globe</subfield><subfield code="w">(DLC)sn 97063177</subfield><subfield code="w">(OCoLC)36409834</subfield></datafield><datafield ind1="1" ind2="7" tag="785"><subfield code="t">Penasee press</subfield></datafield><datafield ind1="1" ind2="7" tag="785"><subfield code="t">Penasee globe</subfield><subfield code="w">(DLC)sn 87003928</subfield><subfield code="w">(OCoLC)16836602</subfield></datafield></record>